<collection xmlns="http://www.loc.gov/MARC21/slim">
<record>
  <leader>02173nam0a22003491i 450 </leader>
  <controlfield tag="001">IT\ICCU\CNCE\022787</controlfield>
  <controlfield tag="005">20101228000000.0</controlfield>
  <datafield tag="012" ind1=" " ind2=" ">
    <subfield code="a">inn- m,i- e-um esve (3) 1573 (R)</subfield>
    <subfield code="2">fei</subfield>
  </datafield>
  <datafield tag="100" ind1=" " ind2=" ">
    <subfield code="a">19970101d1573        0itac0103    ba</subfield>
  </datafield>
  <datafield tag="101" ind1=" " ind2=" ">
    <subfield code="a">LAT</subfield>
  </datafield>
  <datafield tag="102" ind1=" " ind2=" ">
    <subfield code="a">IT</subfield>
  </datafield>
  <datafield tag="200" ind1="1" ind2=" ">
    <subfield code="a">℗Stanislai Hosii ℗Opera omnia hactenus edita, in vnum corpus collecta ... cura et opera Alemanii Fini Cremensis excusa. Adiuntae sunt praeterea Recantationes Fabiani Quadrantini  Branusbergae in Collegio Societatis Iesu recitatae</subfield>
  </datafield>
  <datafield tag="210" ind1=" " ind2=" ">
    <subfield code="a">Venetiis</subfield>
    <subfield code="c">apud Franciscum Francisci</subfield>
    <subfield code="d">1573</subfield>
  </datafield>
  <datafield tag="215" ind1=" " ind2=" ">
    <subfield code="a">\24!, 365, \1! c.</subfield>
    <subfield code="d">fol</subfield>
  </datafield>
  <datafield tag="620" ind1=" " ind2=" ">
    <subfield code="a">IT</subfield>
    <subfield code="d">Venezia</subfield>
  </datafield>
  <datafield tag="700" ind1=" " ind2="1">
    <subfield code="a">Hosius,</subfield>
    <subfield code="b">Stanislaus</subfield>
    <subfield code="3">IT\ICCU\CNCA\006493</subfield>
  </datafield>
  <datafield tag="702" ind1=" " ind2="1">
    <subfield code="a">Fino,</subfield>
    <subfield code="b">Alemanio</subfield>
    <subfield code="3">IT\ICCU\CNCA\001025</subfield>
  </datafield>
  <datafield tag="702" ind1=" " ind2="1">
    <subfield code="a">Quadrantinus,</subfield>
    <subfield code="b">Fabianus</subfield>
    <subfield code="3">IT\ICCU\CNCA\006429</subfield>
  </datafield>
  <datafield tag="712" ind1="0" ind2="0">
    <subfield code="a">De_Franceschi, Francesco</subfield>
    <subfield code="c"> &lt;senese&gt;</subfield>
    <subfield code="3">IT\ICCU\CNCT\000366</subfield>
    <subfield code="4">650</subfield>
  </datafield>
  <datafield tag="790" ind1=" " ind2="1">
    <subfield code="a">Hozyusz,</subfield>
    <subfield code="b">Stanislaw</subfield>
    <subfield code="3">IT\ICCU\CNCA\014425</subfield>
    <subfield code="z">Hosius, Stanislaus</subfield>
  </datafield>
  <datafield tag="790" ind1=" " ind2="1">
    <subfield code="a">Osio,</subfield>
    <subfield code="b">Stanislao</subfield>
    <subfield code="3">IT\ICCU\CNCA\014861</subfield>
    <subfield code="z">Hosius, Stanislaus</subfield>
  </datafield>
  <datafield tag="790" ind1=" " ind2="1">
    <subfield code="a">Fini,</subfield>
    <subfield code="b">Alemanio</subfield>
    <subfield code="3">IT\ICCU\CNCA\014112</subfield>
    <subfield code="z">Fino, Alemanio</subfield>
  </datafield>
  <datafield tag="790" ind1=" " ind2="1">
    <subfield code="a">Finus,</subfield>
    <subfield code="b">Alemanius</subfield>
    <subfield code="3">IT\ICCU\CNCA\022573</subfield>
    <subfield code="z">Fino, Alemanio</subfield>
  </datafield>
  <datafield tag="790" ind1=" " ind2="1">
    <subfield code="a">Dreiloth,</subfield>
    <subfield code="b">Fabian</subfield>
    <subfield code="3">IT\ICCU\CNCA\014986</subfield>
    <subfield code="z">Quadrantinus, Fabianus</subfield>
  </datafield>
  <datafield tag="790" ind1=" " ind2="1">
    <subfield code="a">Quadrantinus,</subfield>
    <subfield code="b">Fabien</subfield>
    <subfield code="3">IT\ICCU\CNCA\023640</subfield>
    <subfield code="z">Quadrantinus, Fabianus</subfield>
  </datafield>
  <datafield tag="791" ind1="0" ind2="0">
    <subfield code="a">Franceschi, Francesco de</subfield>
    <subfield code="3">IT\ICCU\CNCT\003741</subfield>
    <subfield code="z">De_Franceschi, Francesco &lt;senese&gt;</subfield>
  </datafield>
  <datafield tag="791" ind1="0" ind2="2">
    <subfield code="a">Franciscus Senensis</subfield>
    <subfield code="3">IT\ICCU\CNCT\003742</subfield>
    <subfield code="z">De_Franceschi, Francesco &lt;senese&gt;</subfield>
  </datafield>
  <datafield tag="791" ind1="0" ind2="2">
    <subfield code="a">Francesco Senese</subfield>
    <subfield code="3">IT\ICCU\CNCT\003743</subfield>
    <subfield code="z">De_Franceschi, Francesco &lt;senese&gt;</subfield>
  </datafield>
  <datafield tag="791" ind1="0" ind2="0">
    <subfield code="a">Franciscius, Franciscus</subfield>
    <subfield code="3">IT\ICCU\CNCT\003744</subfield>
    <subfield code="z">De_Franceschi, Francesco &lt;senese&gt;</subfield>
  </datafield>
  <datafield tag="791" ind1="0" ind2="0">
    <subfield code="a">Franciscis, Franciscus de</subfield>
    <subfield code="3">IT\ICCU\CNCT\003745</subfield>
    <subfield code="z">De_Franceschi, Francesco &lt;senese&gt;</subfield>
  </datafield>
  <datafield tag="801" ind1=" " ind2="3">
    <subfield code="a">IT</subfield>
    <subfield code="b">ICCU</subfield>
    <subfield code="c">20201114</subfield>
  </datafield>
  <datafield tag="921" ind1=" " ind2=" ">
    <subfield code="a">IT\ICCU\CNCM\000223</subfield>
    <subfield code="b">Pace (donna seduta accanto a colonna, con ramo d&apos;olivo nella sinistra e il braccio destro poggiato su cornucopia). In cornice figurata</subfield>
    <subfield code="e">Per me qui si riposa e in ciel si gode.</subfield>
    <subfield code="c">A35</subfield>
    <subfield code="c">Z915</subfield>
    <subfield code="d">Dimensioni: 6,2 x 7,6. Con o senza motto, o con motto scritto in modo diverso</subfield>
    <subfield code="f">CORNUCOPIA</subfield>
    <subfield code="f">DONNA</subfield>
    <subfield code="f">OLIVO</subfield>
    <subfield code="f">PACE</subfield>
    <subfield code="f">PERMEQUISI</subfield>
    <subfield code="g">1561-1586</subfield>
  </datafield>
</record>
</collection>
